@inproceedings{anceaume2008peercube,
  title={Peercube: A hypercube-based p2p overlay robust against collusion and churn},
  author={Anceaume, Emmanuelle and Ludinard, Romaric and Ravoaja, Aina and Brasileiro, F},
  booktitle={2008 Second IEEE International Conference on Self-Adaptive and Self-Organizing Systems},
  pages={15--24},
  year={2008},
  organization={IEEE}
}
@article{stoica2001chord,
  title={Chord: A scalable peer-to-peer lookup service for internet applications},
  author={Stoica, Ion and Morris, Robert and Karger, David and Kaashoek, M Frans and Balakrishnan, Hari},
  journal={ACM SIGCOMM Computer Communication Review},
  volume={31},
  number={4},
  pages={149--160},
  year={2001},
  publisher={ACM}
}
@inproceedings{rowstron2001pastry,
  title={Pastry: Scalable, decentralized object location, and routing for large-scale peer-to-peer systems},
  author={Rowstron, Antony and Druschel, Peter},
  booktitle={IFIP/ACM International Conference on Distributed Systems Platforms and Open Distributed Processing},
  pages={329--350},
  year={2001},
  organization={Springer}
}
@book{ratnasamy2001scalable,
  title={A scalable content-addressable network},
  author={Ratnasamy, Sylvia and Francis, Paul and Handley, Mark and Karp, Richard and Shenker, Scott},
  volume={31},
  number={4},
  year={2001},
  publisher={ACM}
}
@article{zhao2001tapestry,
  title={Tapestry: An infrastructure for fault-tolerant wide-area location and routing},
  author={Zhao, Ben Yanbin and Kubiatowicz, John and Joseph, Anthony D and others},
  year={2001},
  publisher={Computer Science Division, University of California Berkeley}
}
@article{lua2005survey,
  title={A survey and comparison of peer-to-peer overlay network schemes},
  author={Lua, Eng Keong and Crowcroft, Jon and Pias, Marcelo and Sharma, Ravi and Lim, Steven},
  journal={IEEE Communications Surveys \& Tutorials},
  volume={7},
  number={2},
  pages={72--93},
  year={2005},
  publisher={IEEE}
}
@inproceedings{locher2006equus,
  title={equus: A provably robust and locality-aware peer-to-peer system},
  author={Locher, Thomas and Schmid, Stefan and Wattenhofer, Roger},
  booktitle={Sixth IEEE International Conference on Peer-to-Peer Computing (P2P'06)},
  pages={3--11},
  year={2006},
  organization={IEEE}
}
@article{saad1988topological,
  title={Topological properties of hypercubes},
  author={Saad, Youcef and Schultz, Martin H},
  journal={IEEE Transactions on computers},
  volume={37},
  number={7},
  pages={867--872},
  year={1988},
  publisher={IEEE}
}