
@article{hildrum_distribted_2002,
  title = {Distribted Data Location in a Dynamic Network},
  timestamp = {2016-10-05T01:02:58Z},
  journal = {SPAAâ€™02},
  author = {Hildrum, K. and Kubiatowicz, J. D. and Rao, S. and Zhao, B. Y.},
  year = {2002}
}

@inproceedings{fiat_making_2005,
  title = {Making Chord Robust to Byzantine Attacks},
  timestamp = {2016-10-05T01:03:01Z},
  urldate = {2016-09-28},
  booktitle = {European {{Symposium}} on {{Algorithms}}},
  publisher = {{Springer}},
  author = {Fiat, Amos and Saia, Jared and Young, Maxwell},
  year = {2005},
  pages = {803--814},
  file = {Snapshot:C\:\\Users\\Rhino\\AppData\\Roaming\\Zotero\\Zotero\\Profiles\\9swkffy6.default\\zotero\\storage\\HTMR4JPQ\\11561071_71.html:text/html}
}

@inproceedings{ramasamy_parsimonious_2005,
  title = {Parsimonious Asynchronous Byzantine-Fault-Tolerant Atomic Broadcast},
  timestamp = {2016-09-28T16:08:16Z},
  urldate = {2016-09-28},
  booktitle = {International {{Conference On Principles Of Distributed Systems}}},
  publisher = {{Springer}},
  author = {Ramasamy, HariGovind V. and Cachin, Christian},
  year = {2005},
  pages = {88--102},
  file = {[PDF] ibm.com:C\:\\Users\\Rhino\\AppData\\Roaming\\Zotero\\Zotero\\Profiles\\9swkffy6.default\\zotero\\storage\\3FWDHWC2\\Ramasamy and Cachin - 2005 - Parsimonious asynchronous byzantine-fault-tolerant.pdf:application/pdf;Snapshot:C\:\\Users\\Rhino\\AppData\\Roaming\\Zotero\\Zotero\\Profiles\\9swkffy6.default\\zotero\\storage\\5DTMZ5P8\\10.html:text/html}
}

@inproceedings{singh_eclipse_2006,
  title = {Eclipse Attacks on Overlay Networks: {{Threats}} and Defenses},
  shorttitle = {Eclipse Attacks on Overlay Networks},
  timestamp = {2016-09-28T16:15:00Z},
  urldate = {2016-09-28},
  booktitle = {In {{IEEE INFOCOM}}},
  publisher = {{Citeseer}},
  author = {Singh, Atul and {others}},
  year = {2006},
  file = {Snapshot:C\:\\Users\\Rhino\\AppData\\Roaming\\Zotero\\Zotero\\Profiles\\9swkffy6.default\\zotero\\storage\\N2D6W5MD\\summary.html:text/html}
}

@inproceedings{kuhn_self-repairing_2005,
  title = {A Self-Repairing Peer-to-Peer System Resilient to Dynamic Adversarial Churn},
  timestamp = {2016-09-28T16:02:37Z},
  urldate = {2016-09-28},
  booktitle = {International {{Workshop}} on {{Peer}}-to-{{Peer Systems}}},
  publisher = {{Springer}},
  author = {Kuhn, Fabian and Schmid, Stefan and Wattenhofer, Roger},
  year = {2005},
  pages = {13--23},
  file = {[PDF] ethz.ch:C\:\\Users\\Rhino\\AppData\\Roaming\\Zotero\\Zotero\\Profiles\\9swkffy6.default\\zotero\\storage\\4UQFVSQV\\Kuhn et al. - 2005 - A self-repairing peer-to-peer system resilient to .pdf:application/pdf;Snapshot:C\:\\Users\\Rhino\\AppData\\Roaming\\Zotero\\Zotero\\Profiles\\9swkffy6.default\\zotero\\storage\\IZA6VRHW\\11558989_2.html:text/html}
}

@inproceedings{locher_equus:_2006,
  title = {Equus: {{A}} Provably Robust and Locality-Aware Peer-to-Peer System},
  shorttitle = {Equus},
  timestamp = {2016-10-05T01:06:38Z},
  urldate = {2016-09-28},
  booktitle = {Sixth {{IEEE International Conference}} on {{Peer}}-to-{{Peer Computing}} ({{P2P}}'06)},
  publisher = {{IEEE}},
  author = {Locher, Thomas and Schmid, Stefan and Wattenhofer, Roger},
  year = {2006},
  pages = {3--11},
  file = {[PDF] tu-berlin.de:C\:\\Users\\Rhino\\AppData\\Roaming\\Zotero\\Zotero\\Profiles\\9swkffy6.default\\zotero\\storage\\PEVQJ9BU\\Locher et al. - 2006 - equus A provably robust and locality-aware peer-t.pdf:application/pdf;Snapshot:C\:\\Users\\Rhino\\AppData\\Roaming\\Zotero\\Zotero\\Profiles\\9swkffy6.default\\zotero\\storage\\JAKI5PPR\\1698585.html:text/html}
}

@inproceedings{li_comparing_2004,
  title = {Comparing the Performance of Distributed Hash Tables under Churn},
  timestamp = {2016-09-28T16:03:04Z},
  urldate = {2016-09-28},
  booktitle = {International {{Workshop}} on {{Peer}}-to-{{Peer Systems}}},
  publisher = {{Springer}},
  author = {Li, Jinyang and Stribling, Jeremy and Gil, Thomer M. and Morris, Robert and Kaashoek, M. Frans},
  year = {2004},
  pages = {87--99},
  file = {Snapshot:C\:\\Users\\Rhino\\AppData\\Roaming\\Zotero\\Zotero\\Profiles\\9swkffy6.default\\zotero\\storage\\HSMZBKDC\\10.html:text/html}
}

@inproceedings{ravoaja_storm:_2007,
  title = {Storm: {{A}} Secure Overlay for p2p Reputation Management},
  shorttitle = {Storm},
  timestamp = {2016-09-28T16:09:02Z},
  urldate = {2016-09-28},
  booktitle = {First {{International Conference}} on {{Self}}-{{Adaptive}} and {{Self}}-{{Organizing Systems}} ({{SASO}} 2007)},
  publisher = {{IEEE}},
  author = {Ravoaja, Aina and Anceaume, Emmanuelle},
  year = {2007},
  pages = {247--256},
  file = {[PDF] archives-ouvertes.fr:C\:\\Users\\Rhino\\AppData\\Roaming\\Zotero\\Zotero\\Profiles\\9swkffy6.default\\zotero\\storage\\AR6ZRHSG\\Ravoaja and Anceaume - 2007 - Storm A secure overlay for p2p reputation managem.pdf:application/pdf;Snapshot:C\:\\Users\\Rhino\\AppData\\Roaming\\Zotero\\Zotero\\Profiles\\9swkffy6.default\\zotero\\storage\\6UMVVHEA\\4274908.html:text/html}
}

@book{ratnasamy_scalable_2001,
  title = {A Scalable Content-Addressable Network},
  volume = {31},
  timestamp = {2016-09-28T15:54:10Z},
  number = {4},
  urldate = {2016-09-28},
  publisher = {{ACM}},
  author = {Ratnasamy, Sylvia and Francis, Paul and Handley, Mark and Karp, Richard and Shenker, Scott},
  year = {2001},
  file = {Snapshot:C\:\\Users\\Rhino\\AppData\\Roaming\\Zotero\\Zotero\\Profiles\\9swkffy6.default\\zotero\\storage\\H5SPJI8R\\citation.html:text/html}
}

@book{frank_method_2000,
  title = {Method and Apparatus for Selective Data Caching Implemented with Noncacheable and Cacheable Data for Improved Cache Performance in a Computer Networking System},
  timestamp = {2016-09-29T16:07:44Z},
  urldate = {2016-09-29},
  publisher = {{Google Patents}},
  author = {Frank, Richard and Arun, Gopalan and Anderson, Richard and Mediouni, Rabah and Klein, Stephen},
  month = feb,
  year = {2000},
  note = {US Patent 6,021,470},
  file = {Snapshot:C\:\\Users\\Rhino\\AppData\\Roaming\\Zotero\\Zotero\\Profiles\\9swkffy6.default\\zotero\\storage\\DZMR5AUI\\Frank et al. - 2000 - Method and apparatus for selective data caching im.html:text/html}
}

@inproceedings{sit_security_2002,
  title = {Security Considerations for Peer-to-Peer Distributed Hash Tables},
  timestamp = {2016-09-28T16:15:22Z},
  urldate = {2016-09-28},
  booktitle = {International {{Workshop}} on {{Peer}}-to-{{Peer Systems}}},
  publisher = {{Springer}},
  author = {Sit, Emil and Morris, Robert},
  year = {2002},
  pages = {261--269},
  file = {[PDF] 2.ip6.arpa:C\:\\Users\\Rhino\\AppData\\Roaming\\Zotero\\Zotero\\Profiles\\9swkffy6.default\\zotero\\storage\\TU4TGM9S\\Sit and Morris - 2002 - Security considerations for peer-to-peer distribut.pdf:application/pdf;Snapshot:C\:\\Users\\Rhino\\AppData\\Roaming\\Zotero\\Zotero\\Profiles\\9swkffy6.default\\zotero\\storage\\5E4EM23B\\3-540-45748-8_25.html:text/html}
}

@article{lua_survey_2005,
  title = {A Survey and Comparison of Peer-to-Peer Overlay Network Schemes},
  volume = {7},
  timestamp = {2016-10-05T01:07:14Z},
  number = {2},
  urldate = {2016-10-04},
  journal = {IEEE Communications Surveys \& Tutorials},
  author = {Lua, Eng Keong and Crowcroft, Jon and Pias, Marcelo and Sharma, Ravi and Lim, Steven},
  year = {2005},
  pages = {72--93},
  file = {[PDF] cam.ac.uk:C\:\\Users\\Rhino\\AppData\\Roaming\\Zotero\\Zotero\\Profiles\\9swkffy6.default\\zotero\\storage\\KJQGTMTT\\Lua et al. - 2005 - A survey and comparison of peer-to-peer overlay ne.pdf:application/pdf;Snapshot:C\:\\Users\\Rhino\\AppData\\Roaming\\Zotero\\Zotero\\Profiles\\9swkffy6.default\\zotero\\storage\\JE6V2G8P\\1610546.html:text/html}
}

@inproceedings{serbu_improving_2007,
  title = {Improving the Dependability of Prefix-Based Routing in Dhts},
  timestamp = {2016-09-28T16:14:36Z},
  urldate = {2016-09-28},
  booktitle = {{{OTM Confederated International Conferences}}" {{On}} the {{Move}} to {{Meaningful Internet Systems}}"},
  publisher = {{Springer}},
  author = {Serbu, Sabina and Kropf, Peter and Felber, Pascal},
  year = {2007},
  pages = {206--225},
  file = {[PDF] rero.ch:C\:\\Users\\Rhino\\AppData\\Roaming\\Zotero\\Zotero\\Profiles\\9swkffy6.default\\zotero\\storage\\MF759RMQ\\Serbu et al. - 2007 - Improving the dependability of prefix-based routin.pdf:application/pdf;Snapshot:C\:\\Users\\Rhino\\AppData\\Roaming\\Zotero\\Zotero\\Profiles\\9swkffy6.default\\zotero\\storage\\UCH8GEK5\\978-3-540-76848-7_14.html:text/html}
}

@article{garay_fully_1998,
  title = {Fully Polynomial Byzantine Agreement for Processors in Rounds},
  volume = {27},
  timestamp = {2016-09-28T16:01:01Z},
  number = {1},
  urldate = {2016-09-28},
  journal = {SIAM Journal on Computing},
  author = {Garay, Juan A. and Moses, Yoram},
  year = {1998},
  pages = {247--290},
  file = {Snapshot:C\:\\Users\\Rhino\\AppData\\Roaming\\Zotero\\Zotero\\Profiles\\9swkffy6.default\\zotero\\storage\\67MJIZU6\\S0097539794265232.html:text/html}
}

@article{castro_secure_2002,
  title = {Secure Routing for Structured Peer-to-Peer Overlay Networks},
  volume = {36},
  timestamp = {2016-09-28T15:58:07Z},
  number = {SI},
  urldate = {2016-09-28},
  journal = {ACM SIGOPS Operating Systems Review},
  author = {Castro, Miguel and Druschel, Peter and Ganesh, Ayalvadi and Rowstron, Antony and Wallach, Dan S.},
  year = {2002},
  pages = {299--314},
  file = {Snapshot:C\:\\Users\\Rhino\\AppData\\Roaming\\Zotero\\Zotero\\Profiles\\9swkffy6.default\\zotero\\storage\\4Q6NKCQZ\\citation.html:text/html;[HTML] usenix.org:C\:\\Users\\Rhino\\AppData\\Roaming\\Zotero\\Zotero\\Profiles\\9swkffy6.default\\zotero\\storage\\HNE2JPZJ\\castro_html.html:text/html}
}

@inproceedings{hildrum_asymptotically_2003,
  title = {Asymptotically Efficient Approaches to Fault-Tolerance in Peer-to-Peer Networks},
  timestamp = {2016-10-05T03:21:52Z},
  urldate = {2016-09-28},
  booktitle = {International {{Symposium}} on {{Distributed Computing}}},
  publisher = {{Springer}},
  author = {Hildrum, Kirsten and Kubiatowicz, John},
  year = {2003},
  pages = {321--336},
  file = {[PDF] semanticscholar.org:C\:\\Users\\Rhino\\AppData\\Roaming\\Zotero\\Zotero\\Profiles\\9swkffy6.default\\zotero\\storage\\MZ2ZKS86\\Hildrum and Kubiatowicz - 2003 - Asymptotically efficient approaches to fault-toler.pdf:application/pdf;Snapshot:C\:\\Users\\Rhino\\AppData\\Roaming\\Zotero\\Zotero\\Profiles\\9swkffy6.default\\zotero\\storage\\7B4J5ICU\\978-3-540-39989-6_23.html:text/html}
}

@article{rivest_md5_1992,
  title = {The {{MD5}} Message-Digest Algorithm},
  timestamp = {2016-09-28T16:09:40Z},
  urldate = {2016-09-28},
  author = {Rivest, Ronald},
  year = {1992},
  file = {[HTML] ietf.org:C\:\\Users\\Rhino\\AppData\\Roaming\\Zotero\\Zotero\\Profiles\\9swkffy6.default\\zotero\\storage\\TGS39BQ3\\rfc1321.html:text/html}
}

@article{stoica_chord:_2001,
  title = {Chord: {{A}} Scalable Peer-to-Peer Lookup Service for Internet Applications},
  volume = {31},
  shorttitle = {Chord},
  timestamp = {2016-09-28T16:12:55Z},
  number = {4},
  urldate = {2016-09-28},
  journal = {ACM SIGCOMM Computer Communication Review},
  author = {Stoica, Ion and Morris, Robert and Karger, David and Kaashoek, M. Frans and Balakrishnan, Hari},
  year = {2001},
  pages = {149--160},
  file = {[PDF] psu.edu:C\:\\Users\\Rhino\\AppData\\Roaming\\Zotero\\Zotero\\Profiles\\9swkffy6.default\\zotero\\storage\\3D7FMQ5N\\Stoica et al. - 2001 - Chord A scalable peer-to-peer lookup service for .pdf:application/pdf;Snapshot:C\:\\Users\\Rhino\\AppData\\Roaming\\Zotero\\Zotero\\Profiles\\9swkffy6.default\\zotero\\storage\\T7AVSP8X\\citation.html:text/html}
}

@article{saad_topological_1988,
  title = {Topological Properties of Hypercubes},
  volume = {37},
  timestamp = {2016-09-28T16:10:24Z},
  number = {7},
  urldate = {2016-09-28},
  journal = {IEEE Transactions on computers},
  author = {Saad, Youcef and Schultz, Martin H.},
  year = {1988},
  pages = {867--872},
  file = {[PDF] dtic.mil:C\:\\Users\\Rhino\\AppData\\Roaming\\Zotero\\Zotero\\Profiles\\9swkffy6.default\\zotero\\storage\\PS56EDDV\\Saad and Schultz - 1988 - Topological properties of hypercubes.pdf:application/pdf;Snapshot:C\:\\Users\\Rhino\\AppData\\Roaming\\Zotero\\Zotero\\Profiles\\9swkffy6.default\\zotero\\storage\\37H4KTEQ\\2234.html:text/html}
}

@article{correia_consensus_2006,
  title = {From Consensus to Atomic Broadcast: {{Time}}-Free {{Byzantine}}-Resistant Protocols without Signatures},
  volume = {49},
  shorttitle = {From Consensus to Atomic Broadcast},
  timestamp = {2016-09-28T15:58:37Z},
  number = {1},
  urldate = {2016-09-28},
  journal = {The Computer Journal},
  author = {Correia, Miguel and Neves, Nuno Ferreira and VerÃ­ssimo, Paulo},
  year = {2006},
  pages = {82--96},
  file = {Snapshot:C\:\\Users\\Rhino\\AppData\\Roaming\\Zotero\\Zotero\\Profiles\\9swkffy6.default\\zotero\\storage\\26R75EZG\\82.html:text/html}
}

@inproceedings{bracha_asynchronous_1984,
  title = {An Asynchronous [(N-1)/3]-Resilient Consensus Protocol},
  timestamp = {2016-09-28T15:57:27Z},
  urldate = {2016-09-28},
  booktitle = {Proceedings of the Third Annual {{ACM}} Symposium on {{Principles}} of Distributed Computing},
  publisher = {{ACM}},
  author = {Bracha, Gabriel},
  year = {1984},
  pages = {154--162},
  file = {Snapshot:C\:\\Users\\Rhino\\AppData\\Roaming\\Zotero\\Zotero\\Profiles\\9swkffy6.default\\zotero\\storage\\TK84P6S7\\citation.html:text/html}
}

@inproceedings{srivatsa_vulnerabilities_2004,
  title = {Vulnerabilities and Security Threats in Structured Overlay Networks: {{A}} Quantitative Analysis},
  shorttitle = {Vulnerabilities and Security Threats in Structured Overlay Networks},
  timestamp = {2016-09-28T16:15:48Z},
  urldate = {2016-09-28},
  booktitle = {Computer {{Security Applications Conference}}, 2004. 20th {{Annual}}},
  publisher = {{IEEE}},
  author = {Srivatsa, Mudhakar and Liu, Ling},
  year = {2004},
  pages = {252--261},
  file = {[PDF] gnunet.org:C\:\\Users\\Rhino\\AppData\\Roaming\\Zotero\\Zotero\\Profiles\\9swkffy6.default\\zotero\\storage\\VGDCHPM6\\Srivatsa and Liu - 2004 - Vulnerabilities and security threats in structured.pdf:application/pdf;Snapshot:C\:\\Users\\Rhino\\AppData\\Roaming\\Zotero\\Zotero\\Profiles\\9swkffy6.default\\zotero\\storage\\S3WWDSFP\\1377232.html:text/html}
}

@inproceedings{anceaume_peercube:_2008,
  title = {Peercube: {{A}} Hypercube-Based p2p Overlay Robust against Collusion and Churn},
  shorttitle = {Peercube},
  timestamp = {2016-10-05T01:05:41Z},
  urldate = {2016-09-28},
  booktitle = {2008 {{Second IEEE International Conference}} on {{Self}}-{{Adaptive}} and {{Self}}-{{Organizing Systems}}},
  publisher = {{IEEE}},
  author = {Anceaume, Emmanuelle and Ludinard, Romaric and Ravoaja, Aina and Brasileiro, F.},
  year = {2008},
  pages = {15--24},
  file = {[PDF] inria.fr:C\:\\Users\\Rhino\\AppData\\Roaming\\Zotero\\Zotero\\Profiles\\9swkffy6.default\\zotero\\storage\\KPW2DXCT\\Anceaume et al. - 2008 - Peercube A hypercube-based p2p overlay robust aga.pdf:application/pdf;Snapshot:C\:\\Users\\Rhino\\AppData\\Roaming\\Zotero\\Zotero\\Profiles\\9swkffy6.default\\zotero\\storage\\VMZZVRJ4\\4663406.html:text/html}
}

@inproceedings{rowstron_pastry:_2001,
  title = {Pastry: {{Scalable}}, Decentralized Object Location, and Routing for Large-Scale Peer-to-Peer Systems},
  shorttitle = {Pastry},
  timestamp = {2016-09-28T16:09:57Z},
  urldate = {2016-09-28},
  booktitle = {{{IFIP}}/{{ACM International Conference}} on {{Distributed Systems Platforms}} and {{Open Distributed Processing}}},
  publisher = {{Springer}},
  author = {Rowstron, Antony and Druschel, Peter},
  year = {2001},
  pages = {329--350},
  file = {[PDF] unibo.it:C\:\\Users\\Rhino\\AppData\\Roaming\\Zotero\\Zotero\\Profiles\\9swkffy6.default\\zotero\\storage\\MVWACIUR\\Rowstron and Druschel - 2001 - Pastry Scalable, decentralized object location, a.pdf:application/pdf;Snapshot:C\:\\Users\\Rhino\\AppData\\Roaming\\Zotero\\Zotero\\Profiles\\9swkffy6.default\\zotero\\storage\\8TIZQ63G\\3-540-45518-3_18.html:text/html}
}

@article{zhao_tapestry:_2001,
  title = {Tapestry: {{An}} Infrastructure for Fault-Tolerant Wide-Area Location and Routing},
  shorttitle = {Tapestry},
  timestamp = {2016-10-05T01:03:02Z},
  urldate = {2016-09-28},
  author = {Zhao, Ben Yanbin and Kubiatowicz, John and Joseph, Anthony D. and {others}},
  year = {2001}
}

@inproceedings{douceur_sybil_2002,
  title = {The Sybil Attack},
  timestamp = {2016-09-28T15:59:05Z},
  urldate = {2016-09-28},
  booktitle = {International {{Workshop}} on {{Peer}}-to-{{Peer Systems}}},
  publisher = {{Springer}},
  author = {Douceur, John R.},
  year = {2002},
  pages = {251--260},
  file = {[PDF] cornell.edu:C\:\\Users\\Rhino\\AppData\\Roaming\\Zotero\\Zotero\\Profiles\\9swkffy6.default\\zotero\\storage\\RVFCSBN4\\Douceur - 2002 - The sybil attack.pdf:application/pdf;Snapshot:C\:\\Users\\Rhino\\AppData\\Roaming\\Zotero\\Zotero\\Profiles\\9swkffy6.default\\zotero\\storage\\KPNV6KSU\\3-540-45748-8_24.html:text/html}
}

@comment{jabref-meta: groupsversion:3;}
@comment{jabref-meta: groupstree:
0 AllEntriesGroup:;
1 ExplicitGroup:bib\;0\;hildrum_distribted_2002\;;
}

